


@article{raimbault2021introducing,
  title={Introducing endogenous transport provision in a LUTI model to explore polycentric governance systems},
  author={Raimbault, Juste and Le N{\'e}chet, Florent},
  journal={Journal of Transport Geography},
  volume={94},
  pages={103115},
  year={2021},
  publisher={Elsevier}
}


@incollection{raimbault2021modeling,
  title={Modeling the co-evolution of cities and networks},
  author={Raimbault, Juste},
  booktitle={Handbook of Cities and Networks},
  year={2021},
  publisher={Edward Elgar Publishing}
}

@article{chang2021high,
  title={High-speed rail and industrial movement: Evidence from China's Greater Bay Area},
  author={Chang, Zheng and Diao, Mi and Jing, Kecen and Li, Weifeng},
  journal={Transport Policy},
  volume={112},
  pages={22--31},
  year={2021},
  publisher={Elsevier}
}

@article{chen2021socioeconomic,
  title={Socioeconomic variations and disparity in space--time accessibility in suburban China: A case study of Guangzhou},
  author={Chen, Zifeng and Yeh, Anthony Gar-On},
  journal={Urban Studies},
  volume={58},
  number={4},
  pages={750--768},
  year={2021},
  publisher={SAGE Publications Sage UK: London, England}
}

@article{hou2011transport,
  title={Transport infrastructure development and changing spatial accessibility in the Greater Pearl River Delta, China, 1990--2020},
  author={Hou, Quan and Li, Si-Ming},
  journal={Journal of Transport Geography},
  volume={19},
  number={6},
  pages={1350--1360},
  year={2011},
  publisher={Elsevier}
}

@article{gutierrez2001location,
  title={Location, economic potential and daily accessibility: an analysis of the accessibility impact of the high-speed line Madrid--Barcelona--French border},
  author={Guti{\'e}rrez, Javier},
  journal={Journal of transport geography},
  volume={9},
  number={4},
  pages={229--242},
  year={2001},
  publisher={Elsevier}
}

@article{vickerman1997high,
  title={High-speed rail in Europe: experience and issues for future development},
  author={Vickerman, Roger},
  journal={The annals of regional science},
  volume={31},
  number={1},
  pages={21--38},
  year={1997},
  publisher={Springer}
}

@article{litman2002evaluating,
  title={Evaluating transportation equity},
  author={Litman, Todd},
  journal={World Transport Policy \& Practice},
  volume={8},
  number={2},
  pages={50--65},
  year={2002}
}


@article{welch2013equity,
  title={Equity in transport: The distribution of transit access and connectivity among affordable housing units},
  author={Welch, Timothy F},
  journal={Transport policy},
  volume={30},
  pages={283--293},
  year={2013},
  publisher={Elsevier}
}

@article{kim2015impacts,
  title={The impacts of high-speed rail extensions on accessibility and spatial equity changes in South Korea from 2004 to 2018},
  author={Kim, Hyojin and Sultana, Selima},
  journal={Journal of Transport Geography},
  volume={45},
  pages={48--61},
  year={2015},
  publisher={Elsevier}
}


@article{zhou2018china,
  title={China's high-speed rail network construction and planning over time: a network analysis},
  author={Zhou, Jiangping and Qiu, Guo and others},
  journal={Journal of Transport Geography},
  volume={70},
  pages={40--54},
  year={2018},
  publisher={Elsevier}
}


@article{zhu2015high,
  title={High-speed rail and urban decentralization in China},
  author={Zhu, Pengyu and Yu, Tao and Chen, Zhao},
  journal={Transportation Research Record},
  volume={2475},
  number={1},
  pages={16--26},
  year={2015},
  publisher={SAGE Publications Sage CA: Los Angeles, CA}
}

@article{wang2013spatial,
  title={Spatial impacts of high-speed railways in China: a total-travel-time approach},
  author={Wang, James Jixian and Xu, Jiang and He, Jianfeng},
  journal={Environment and planning A},
  volume={45},
  number={9},
  pages={2261--2280},
  year={2013},
  publisher={SAGE Publications Sage UK: London, England}
}

@article{jiao2017impacts,
  title={Impacts of high-speed rail lines on the city network in China},
  author={Jiao, Jingjuan and Wang, Jiaoe and Jin, Fengjun},
  journal={Journal of Transport Geography},
  volume={60},
  pages={257--266},
  year={2017},
  publisher={Elsevier}
}

@article{liu2021impacts,
  title={The Impacts of High-Speed Rail on Regional Accessibility and Spatial Development—Updated Evidence from China’s Mid-Yangtze River City-Cluster Region},
  author={Liu, Liwen and Zhang, Ming},
  journal={Sustainability},
  volume={13},
  number={8},
  pages={4227},
  year={2021},
  publisher={Multidisciplinary Digital Publishing Institute}
}


