

@article{mennicken2019internal,
title={Internal radial profiles of road transport times in European cities},
author={Mennicken, Estelle and Caruso, Geoffrey and Lemoy, RÃ©mi},
journal={ECTQG 2019},
year={2019}
}


@article{lemoy2021radial,
  title={Radial analysis and scaling of urban land use},
  author={Lemoy, R{\'e}mi and Caruso, Geoffrey},
  journal={Scientific reports},
  volume={11},
  number={1},
  pages={1--8},
  year={2021},
  publisher={Nature Publishing Group}
}

@article{delloye2020alonso,
  title={Alonso and the scaling of urban profiles},
  author={Delloye, Justin and Lemoy, R{\'e}mi and Caruso, Geoffrey},
  journal={Geographical Analysis},
  volume={52},
  number={2},
  pages={127--154},
  year={2020},
  publisher={Wiley Online Library}
}

@article{lemoy2020evidence,
  title={Evidence for the homothetic scaling of urban forms},
  author={Lemoy, R{\'e}mi and Caruso, Geoffrey},
  journal={Environment and Planning B: Urban Analytics and City Science},
  volume={47},
  number={5},
  pages={870--888},
  year={2020},
  publisher={SAGE Publications Sage UK: London, England}
}

